@article{obizhaeva2013optimal,
  title={Optimal trading strategy and supply/demand dynamics},
  author={Obizhaeva, Anna A and Wang, Jiang},
  journal={Journal of Financial markets},
  volume={16},
  number={1},
  pages={1--32},
  year={2013},
  publisher={Elsevier}
}

@article{almgren2005direct,
  title={Direct estimation of equity market impact},
  author={Almgren, Robert and Thum, Chee and Hauptmann, Emmanuel and Li, Hong},
  journal={Risk},
  volume={18},
  number={7},
  pages={58--62},
  year={2005}
}

@article{kyle2018market,
  title={The market impact puzzle},
  author={Kyle, Albert S and Obizhaeva, Anna A},
  journal={Anna A., The Market Impact Puzzle (February 4, 2018)},
  year={2018}
}


@book{velu2020algorithmic,
  title={Algorithmic trading and quantitative strategies},
  author={Velu, Raja},
  year={2020},
  publisher={CRC Press}
}


@book{webster2023handbook,
  title={Handbook of Price Impact Modeling},
  author={Webster, Kevin T},
  year={2023},
  publisher={CRC Press}
}

@article{greenwood2005short,
  title={Short-and long-term demand curves for stocks: theory and evidence on the dynamics of arbitrage},
  author={Greenwood, Robin},
  journal={Journal of Financial Economics},
  volume={75},
  number={3},
  pages={607--649},
  year={2005},
  publisher={Elsevier}
}
